<?xml version="1.0" encoding="UTF-8"?><record xmlns="http://www.loc.gov/MARC21/slim" xmlns:cinclude="http://apache.org/cocoon/include/1.0" xmlns:zs="http://www.loc.gov/zing/srw/">
  <leader>00359nz  a2200121n  4500</leader>
  <controlfield tag="001">n  87889701 </controlfield>
  <controlfield tag="003">DLC</controlfield>
  <controlfield tag="005">19880426091801.1</controlfield>
  <controlfield tag="008">880223n| acannaab|          |n aaa ||| c</controlfield>
  <datafield tag="010" ind1=" " ind2=" ">
    <subfield code="a">n  87889701 </subfield>
  </datafield>
  <datafield tag="040" ind1=" " ind2=" ">
    <subfield code="a">InU</subfield>
    <subfield code="c">DLC</subfield>
    <subfield code="d">DLC</subfield>
  </datafield>
  <datafield tag="100" ind1="1" ind2="0">
    <subfield code="a">MunĚoz, Julio H.</subfield>
  </datafield>
  <datafield tag="670" ind1=" " ind2=" ">
    <subfield code="a">His Geopolitica de la Provincia de los Rios y del Estado Ecuatoriano, 1953:</subfield>
    <subfield code="b">t.p. (Julio H. MunĚoz)</subfield>
  </datafield>
</record>